@book{yates2009fixed,
  title={Fixed-Point Arithmetic: An Introduction},
  author={Yates, R.},
  year={2009},
  publisher={Digital Signal Labs}
}

@book{proakis2022digital,
  title={Digital Signal Processing: Principles, Algorithms, and Applications},
  author={Proakis, J. and Manolakis, D.},
  year={2022},
  publisher={Pearson}
}

@techreport{fog2021optimizing,
  title={Optimizing Software in C++: An Optimization Guide for Windows, Linux and Mac Platforms},
  author={Fog, A.},
  institution={Technical University of Denmark},
  year={2021}
}

@book{kantz2004nonlinear,
  title={Nonlinear Time Series Analysis},
  author={Kantz, H. and Schreiber, T.},
  year={2004},
  publisher={Cambridge University Press}
}

@article{wolf1985determining,
  title={Determining Lyapunov exponents from a time series},
  author={Wolf, A. and Swift, J. B. and Swinney, H. L. and Vastano, J. A.},
  journal={Physica D: Nonlinear Phenomena},
  volume={16},
  number={3},
  pages={285--317},
  year={1985},
  doi={10.1016/0167-2789(85)90011-9}
}

@article{peng1994mosaic,
  title={Mosaic organization of DNA nucleotides},
  author={Peng, C.-K. and Buldyrev, S. V. and Havlin, S. and Simons, M. and Stanley, H. E. and Goldberger, A. L.},
  journal={Physical Review E},
  volume={49},
  number={2},
  pages={1685},
  year={1994},
  doi={10.1103/PhysRevE.49.1685}
}

@article{pedram2006thermal,
  title={Thermal modeling, analysis, and management in VLSI circuits: principles and methods},
  author={Pedram, M. and Nazarian, S.},
  journal={Proceedings of the IEEE},
  volume={94},
  number={8},
  pages={1487--1501},
  year={2006},
  doi={10.1109/JPROC.2006.879797}
}

@book{buttazzo2011hard,
  title={Hard Real-Time Computing Systems: Predictable Scheduling Algorithms and Applications},
  author={Buttazzo, G. C.},
  year={2011},
  publisher={Springer}
}

@book{higham2002accuracy,
  title={Accuracy and Stability of Numerical Algorithms},
  author={Higham, N. J.},
  year={2002},
  publisher={SIAM}
}

@techreport{arm2023neon,
  title={ARM NEON Programmer's Guide},
  author={{ARM Limited}},
  institution={ARM Documentation},
  year={2023}
}

@inproceedings{gupta2015deep,
  title={Deep learning with limited numerical precision},
  author={Gupta, S. and Agrawal, A. and Gopalakrishnan, K. and Narayanan, P.},
  booktitle={International Conference on Machine Learning},
  pages={1737--1746},
  year={2015}
}

@incollection{takens1981detecting,
  title={Detecting strange attractors in turbulence},
  author={Takens, F.},
  booktitle={Lecture Notes in Mathematics},
  volume={898},
  pages={366--381},
  year={1981},
  publisher={Springer},
  doi={10.1007/BFb0091924}
}

@article{pantelopoulos2010survey,
  title={A survey on wearable sensor-based systems for health monitoring and prognosis},
  author={Pantelopoulos, A. and Bourbakis, N. G.},
  journal={IEEE Transactions on Systems, Man, and Cybernetics, Part C},
  volume={40},
  number={1},
  pages={1--12},
  year={2010},
  doi={10.1109/TSMCC.2009.2032660}
}

@article{shi2016edge,
  title={Edge computing: Vision and challenges},
  author={Shi, W. and Cao, J. and Zhang, Q. and Li, Y. and Xu, L.},
  journal={IEEE Internet of Things Journal},
  volume={3},
  number={5},
  pages={637--646},
  year={2016},
  doi={10.1109/JIOT.2016.2579198}
}

@inproceedings{micikevicius2018mixed,
  title={Mixed precision training},
  author={Micikevicius, P. and Narang, S. and Alben, J. and Diamos, G. and Elsen, E. and Garcia, D. and Ginsburg, B. and Houston, M. and Kuchaiev, O. and Venkatesh, G. and Wu, H.},
  booktitle={International Conference on Learning Representations},
  year={2018}
}

@article{farmer1987predicting,
  title={Predicting chaotic time series},
  author={Farmer, J. D. and Sidorowich, J. J.},
  journal={Physical Review Letters},
  volume={59},
  number={8},
  pages={845},
  year={1987},
  doi={10.1103/PhysRevLett.59.845}
}

@book{marwedel2021embedded,
  title={Embedded System Design: Embedded Systems Foundations of Cyber-Physical Systems},
  author={Marwedel, P.},
  year={2021},
  publisher={Springer}
}

@book{mitra2011digital,
  title={Digital Signal Processing: A Computer-Based Approach},
  author={Mitra, S. K.},
  year={2011},
  publisher={McGraw-Hill}
}

@article{arya1998optimal,
  title={An optimal algorithm for approximate nearest neighbor searching fixed dimensions},
  author={Arya, S. and Mount, D. M. and Netanyahu, N. S. and Silverman, R. and Wu, A. Y.},
  journal={Journal of the ACM},
  volume={45},
  number={6},
  pages={891--923},
  year={1998},
  doi={10.1145/293347.293348}
}

@article{costa2002multiscale,
  title={Multiscale entropy analysis of complex physiologic time series},
  author={Costa, M. and Goldberger, A. L. and Peng, C.-K.},
  journal={Physical Review Letters},
  volume={89},
  number={6},
  pages={068102},
  year={2002},
  doi={10.1103/PhysRevLett.89.068102}
}